@InProceedings{Cheng_2020_CVPR,
author = {Cheng, Ke and Zhang, Yifan and He, Xiangyu and Chen, Weihan and Cheng, Jian and Lu, Hanqing},
title = {Skeleton-Based Action Recognition With Shift Graph Convolutional Network},
booktitle = {Proceedings of the IEEE/CVF Conference on Computer Vision and Pattern Recognition (CVPR 2020)},
month = {June},
year = {2020}
}

@inproceedings{Shi_2019_CVPR,
  title={Two-stream adaptive graph convolutional networks for skeleton-based action recognition},
  author={Shi, Lei and Zhang, Yifan and Cheng, Jian and Lu, Hanqing},
  booktitle={Proceedings of the IEEE Conference on Computer Vision and Pattern Recognition (CVPR 2019)},
  pages={12026--12035},
  month = {June},
  year={2019}
}

@InProceedings{Zhang_2020_CVPR,
author = {Zhang, Pengfei and Lan, Cuiling and Zeng, Wenjun and Xing, Junliang and Xue, Jianru and Zheng, Nanning},
title = {Semantics-Guided Neural Networks for Efficient Skeleton-Based Human Action Recognition},
booktitle = {Proceedings of the IEEE/CVF Conference on Computer Vision and Pattern Recognition (CVPR 2020)},
month = {June},
year = {2020}
}